@inproceedings{sukhbaatar2015end,
  title={End-to-end memory networks},
  author={Sukhbaatar, Sainbayar and Weston, Jason and Fergus, Rob and others},
  booktitle={Advances in neural information processing systems},
  pages={2440--2448},
  year={2015}
}

@article{bowman2015large,
  title={A large annotated corpus for learning natural language inference},
  author={Bowman, Samuel R and Angeli, Gabor and Potts, Christopher and Manning, Christopher D},
  journal={arXiv preprint arXiv:1508.05326},
  year={2015}
}

@article{sachan2016science,
  title={Science Question Answering using Instructional Materials},
  author={Sachan, Mrinmaya and Dubey, Avinava and Xing, Eric P},
  journal={arXiv preprint arXiv:1602.04375},
  year={2016}
}